@article{zellner,
	title={An efficient method of estimating seemingly unrelated regressions and tests for aggregation bias},
	author={Zellner, Arnold},
	journal={Journal of the American statistical Association},
	volume={57},
	number={298},
	pages={348--368},
	year={1962},
	publisher={Taylor \& Francis}
}

@article{zellner1963estimators,
	title={Estimators for seemingly unrelated regression equations: Some exact finite sample results},
	author={Zellner, Arnold},
	journal={Journal of the American Statistical Association},
	volume={58},
	number={304},
	pages={977--992},
	year={1963},
	publisher={Taylor \& Francis Group}
}

@misc{chernozhukov2018double,
	title={Double/debiased machine learning for treatment and structural parameters},
	author={Chernozhukov, Victor and Chetverikov, Denis and Demirer, Mert and Duflo, Esther and Hansen, Christian and Newey, Whitney and Robins, James},
	year={2018},
	publisher={Oxford University Press Oxford, UK}
}
@article{chernozhukov2017double,
	title={Double/debiased/neyman machine learning of treatment effects},
	author={Chernozhukov, Victor and Chetverikov, Denis and Demirer, Mert and Duflo, Esther and Hansen, Christian and Newey, Whitney},
	journal={American Economic Review},
	volume={107},
	number={5},
	pages={261--65},
	year={2017}
}

@article{jiang2016variable,
	title={Variable selection with prior information for generalized linear models via the prior LASSO method},
	author={Jiang, Yuan and He, Yunxiao and Zhang, Heping},
	journal={Journal of the American Statistical Association},
	volume={111},
	number={513},
	pages={355--376},
	year={2016},
	publisher={Taylor \& Francis}
}
@article{banks2003comparing,
	title={Comparing methods for multivariate nonparametric regression},
	author={Banks, David L and Olszewski, Robert T and Maxion, Roy A},
	journal={Communications in Statistics-Simulation and Computation},
	volume={32},
	number={2},
	pages={541--571},
	year={2003},
	publisher={Taylor \& Francis}
}
@article{zhang2011bayesian,
	title={Bayesian generalized kernel mixed models},
	author={Zhang, Zhihua and Dai, Guang and Jordan, Michael I},
	journal={Journal of Machine Learning Research},
	volume={12},
	number={Jan},
	pages={111--139},
	year={2011}
}
@article{you2010inference,
	title={Inference for seemingly unrelated varying-coefficient nonparametric regression models},
	author={You, Jinhong and Zhou, Haibo},
	journal={International journal of statistics and management system},
	volume={5},
	number={1-2},
	pages={59},
	year={2010},
	publisher={NIH Public Access}
}
@article{foschi2002seemingly,
	title={Seemingly unrelated regression model with unequal size observations: computational aspects},
	author={Foschi, Paolo and Kontoghiorghes, Erricos J},
	journal={Computational statistics \& data analysis},
	volume={41},
	number={1},
	pages={211--229},
	year={2002},
	publisher={Elsevier}
}
@article{oliveira2015analyzing,
	title={Analyzing multiple outcomes: is it really worth the use of multivariate linear regression?},
	author={Oliveira, Rosa and Teixeira-Pinto, Armando},
	journal={Journal of Biometrics and Biostatistics},
	volume={6},
	year={2015}
}
@article{jun2009efficient,
	title={Efficient semiparametric seemingly unrelated quantile regression estimation},
	author={Jun, Sung Jae and Pinkse, Joris},
	journal={Econometric Theory},
	volume={25},
	number={5},
	pages={1392--1414},
	year={2009},
	publisher={Cambridge University Press}
}
@inproceedings{pratt1993discriminability,
	title={Discriminability-based transfer between neural networks},
	author={Pratt, Lorien Y},
	booktitle={Advances in neural information processing systems},
	pages={204--211},
	year={1993}
}
@article{siepman1994generalized,
	title={Generalized least squares estimation of multivariate nonlinear models with missing data},
	author={Siepman, Howard R and Yang, Shie-Shien},
	journal={Communications in Statistics-Theory and Methods},
	volume={23},
	number={6},
	pages={1565--1579},
	year={1994},
	publisher={Taylor \& Francis}
}
@article{trawinski2012nonparametric,
	title={Nonparametric statistical analysis for multiple comparison of machine learning regression algorithms},
	author={Trawi{\'n}ski, Bogdan and Sm{\k{e}}tek, Magdalena and Telec, Zbigniew and Lasota, Tadeusz},
	journal={International Journal of Applied Mathematics and Computer Science},
	volume={22},
	number={4},
	pages={867--881},
	year={2012},
	publisher={Sciendo}
}
@article{su2019non,
	title={Non-separable models with high-dimensional data},
	author={Su, Liangjun and Ura, Takuya and Zhang, Yichong},
	journal={Journal of Econometrics},
	volume={212},
	number={2},
	pages={646--677},
	year={2019},
	publisher={Elsevier}
}
@article{colangelo2020double,
	title={Double debiased machine learning nonparametric inference with continuous treatments},
	author={Colangelo, Kyle and Lee, Ying-Ying},
	journal={arXiv preprint arXiv:2004.03036},
	year={2020}
}
@article{borchani2015survey,
	title={A survey on multi-output regression},
	author={Borchani, Hanen and Varando, Gherardo and Bielza, Concha and Larra{\~n}aga, Pedro},
	journal={Wiley Interdisciplinary Reviews: Data Mining and Knowledge Discovery},
	volume={5},
	number={5},
	pages={216--233},
	year={2015},
	publisher={Wiley Online Library}
}
@article{robinson1988root,
	title={Root-N-consistent semiparametric regression},
	author={Robinson, Peter M},
	journal={Econometrica: Journal of the Econometric Society},
	pages={931--954},
	year={1988},
	publisher={JSTOR}
}
@article{smith2000nonparametric,
	title={Nonparametric seemingly unrelated regression},
	author={Smith, Michael and Kohn, Robert},
	journal={Journal of Econometrics},
	volume={98},
	number={2},
	pages={257--281},
	year={2000},
	publisher={Elsevier}
}
@article{mehrabani2020improved,
	title={Improved Average Estimation in Seemingly Unrelated Regressions},
	author={Mehrabani, Ali and Ullah, Aman},
	journal={Econometrics},
	volume={8},
	number={2},
	pages={15},
	year={2020},
	publisher={Multidisciplinary Digital Publishing Institute}
}